<record><leader>00000cas a2200000 a 4500</leader><controlfield tag="001">7647058</controlfield><controlfield tag="008">810806d18351843mauwr ne      0   a0eng d</controlfield><datafield ind1=" " ind2=" " tag="010"><subfield code="a">sn 87029155 </subfield></datafield><datafield ind1=" " ind2=" " tag="040"><subfield code="a">BTI</subfield><subfield code="b">eng</subfield><subfield code="c">BTI</subfield><subfield code="d">NYG</subfield><subfield code="d">DLC</subfield><subfield code="d">NVH</subfield><subfield code="d">RHN</subfield><subfield code="d">YOX</subfield><subfield code="d">CNK</subfield><subfield code="d">NVK</subfield><subfield code="d">OCL</subfield><subfield code="d">GUA</subfield><subfield code="d">KRTAS</subfield><subfield code="d">DLC</subfield><subfield code="d">OCLCF</subfield><subfield code="d">OCLCO</subfield></datafield><datafield ind1=" " ind2=" " tag="012"><subfield code="i">8711</subfield><subfield code="l">1</subfield></datafield><datafield ind1="0" ind2=" " tag="022"><subfield code="a">2158-1614</subfield><subfield code="2">1</subfield></datafield><datafield ind1=" " ind2=" " tag="042"><subfield code="a">msc</subfield><subfield code="a">nsdp</subfield></datafield><datafield ind1="0" ind2="0" tag="050"><subfield code="a">BX9801</subfield><subfield code="b">.C7</subfield></datafield><datafield ind1="1" ind2="0" tag="082"><subfield code="a">289</subfield><subfield code="2">14</subfield></datafield><datafield ind1=" " ind2="0" tag="222"><subfield code="a">Christian register and Boston observer</subfield></datafield><datafield ind1="0" ind2="0" tag="245"><subfield code="a">Christian register and Boston observer.</subfield></datafield><datafield ind1=" " ind2=" " tag="260"><subfield code="a">Boston [Mass.] :</subfield><subfield code="b">David Reed,</subfield></datafield><datafield ind1=" " ind2=" " tag="300"><subfield code="a">v.</subfield></datafield><datafield ind1=" " ind2=" " tag="310"><subfield code="a">Weekly</subfield></datafield><datafield ind1="0" ind2=" " tag="362"><subfield code="a">Vol. 14, no. 47 (July 4, 1835)-v. 22, no. 41 (Oct. 14, 1843).</subfield></datafield><datafield ind1=" " ind2=" " tag="515"><subfield code="a">Issues for July 4, 1835-Aug. 21, 1841 called also no. 725-no. 1090; for Aug. 28, 1841-Dec. 25, 1841 called also no. 1091.</subfield></datafield><datafield ind1=" " ind2=" " tag="530"><subfield code="a">Also available on microfilm and online.</subfield></datafield><datafield ind1=" " ind2="0" tag="650"><subfield code="a">Unitarianism</subfield><subfield code="v">Newspapers.</subfield></datafield><datafield ind1=" " ind2="0" tag="650"><subfield code="a">Christians</subfield><subfield code="z">Massachusetts</subfield><subfield code="v">Newspapers.</subfield></datafield><datafield ind1=" " ind2="0" tag="651"><subfield code="a">Boston (Mass.)</subfield><subfield code="v">Newspapers.</subfield></datafield><datafield ind1=" " ind2="7" tag="655"><subfield code="a">Newspapers.</subfield><subfield code="2">fast</subfield><subfield code="0">(OCoLC)fst01423814</subfield></datafield><datafield ind1=" " ind2="7" tag="650"><subfield code="a">Christians.</subfield><subfield code="2">fast</subfield><subfield code="0">(OCoLC)fst00859760</subfield></datafield><datafield ind1=" " ind2="7" tag="650"><subfield code="a">Unitarianism.</subfield><subfield code="2">fast</subfield><subfield code="0">(OCoLC)fst01161454</subfield></datafield><datafield ind1=" " ind2="7" tag="651"><subfield code="a">Massachusetts.</subfield><subfield code="2">fast</subfield><subfield code="0">(OCoLC)fst01204307</subfield></datafield><datafield ind1=" " ind2="7" tag="651"><subfield code="a">Massachusetts</subfield><subfield code="z">Boston.</subfield><subfield code="2">fast</subfield><subfield code="0">(OCoLC)fst01205012</subfield></datafield><datafield ind1=" " ind2=" " tag="752"><subfield code="a">United States</subfield><subfield code="b">Massachusetts</subfield><subfield code="c">Suffolk</subfield><subfield code="d">Boston.</subfield></datafield><datafield ind1="1" ind2=" " tag="776"><subfield code="t">Christian register and Boston observer</subfield><subfield code="w">(OCoLC)8337215</subfield><subfield code="w">(DLC)sf 88093327</subfield></datafield><datafield ind1="1" ind2=" " tag="776"><subfield code="t">Christian register and Boston observer (Online)</subfield><subfield code="w">(DLC)  2008233760</subfield><subfield code="w">(OCoLC)70680516</subfield></datafield><datafield ind1="0" ind2="4" tag="780"><subfield code="t">Christian register (Boston, Mass. : 1821)</subfield><subfield code="x">2158-155X</subfield><subfield code="w">(DLC)sn 88074043</subfield><subfield code="w">(OCoLC)2259304</subfield></datafield><datafield ind1="0" ind2="4" tag="780"><subfield code="t">Boston observer and religious intelligencer</subfield><subfield code="w">(OCoLC)1536872</subfield></datafield><datafield ind1="0" ind2="0" tag="785"><subfield code="t">Christian register (Boston, Mass. : 1843)</subfield><subfield code="x">2158-1584</subfield><subfield code="w">(DLC)sn 93062852</subfield><subfield code="w">(OCoLC)6457158</subfield></datafield><datafield ind1=" " ind2=" " tag="850"><subfield code="a">DLC</subfield><subfield code="a">N</subfield></datafield><datafield ind1="4" ind2="1" tag="856"><subfield code="u">http://gateway.proquest.com/openurl?url_ver=Z39.88-2004&amp;res_dat=xri:pqd::hnp&amp;rft_val_fmt=info:ofi/fmt:kev:mtx:journal&amp;rft_dat=xri:pqd:PMID=41513</subfield></datafield><datafield ind1=" " ind2=" " tag="938"><subfield code="a">Kirtas Technologies, Inc.</subfield><subfield code="b">KRTS</subfield><subfield code="n">735885</subfield></datafield></record>